%# -*- coding: utf-8-unix -*-
@book{sysv,
  author = {英特尔开源软件技术中心 and 复旦大学并行处理研究所},
  title = {系统虚拟化：原理与实现},
  publisher = {清华大学出版社},
  year = {2009},
  address = {北京}
}

@inproceedings{artofxen,
  author =       { Paul Barham and Boris Dragovic and Keir Fraser and Steven Hand and et al},
  title =        { Xen and the art of virtualization},
  month= {10},
  year =         {2003},
  modifydate =         {2003-10-19},
  TypeofLit =    {C/OL},
  journal = {Proceedings of the Nineteenth ACM Symposium on Operating Systems Principles},
  url =          {http://doi.acm.org/10.1145/945445.945462},
  address = {Bolton Landing, NY, USA},
  language = {en}
}

@article{intelv,
  author={R. {Uhlig} and G. {Neiger} and D. {Rodgers} and A. L. {Santoni} and F. C. M. {Martins} and A. V. {Anderson} and S. M. {Bennett} and A. {Kagi} and F. H. {Leung} and L. {Smith}},
  journal={Computer}, 
  title={Intel virtualization technology}, 
  year={2005},
  volume={38},
  number={5},
  pages={48-56},
  url =   {https://ieeexplore.ieee.org/document/1430631},
}
@article{amdv,
  author = { Advanced-Micro-Devices },
  title = {AMD64 Virtualization Codenamed “Pacifica” Technology: Secure Virtual Machine Architecture Reference Manual},
  year = {2005},
  url={http://www.0x04.net/doc/amd/33047.pdf}
}

@article{intelSDM,
  author = { Intel },
  title = { Intel 64 and IA-32 Architectures Software Developer Manual },
  month = {5},
  modifydate={2020-5-19},
  year = {2020},
  url = {https://software.intel.com/content/www/us/en/develop/articles/intel-sdm.html}
}

@inproceedings{giantvm,
  author    = {Jin Zhang and
               Zhuocheng Ding and
               Yubin Chen and
               Xingguo Jia and
               Boshi Yu and
               Zhengwei Qi and
               Haibing Guan},
  editor    = {Santosh Nagarakatte and
               Andrew Baumann and
               Baris Kasikci},
  title     = {GiantVM: a type-II hypervisor implementing many-to-one virtualization},
  booktitle = {{VEE} '20: 16th {ACM} {SIGPLAN/SIGOPS} International Conference on
               Virtual Execution Environments, virtual event [Lausanne, Switzerland],
               March 17, 2020},
  pages     = {30--44},
  publisher = {{ACM}},
  year      = {2020},
  url       = {https://doi.org/10.1145/3381052.3381324},
  doi       = {10.1145/3381052.3381324},
  timestamp = {Fri, 20 Mar 2020 14:55:26 +0100},
  biburl    = {https://dblp.org/rec/conf/vee/ZhangDCJYQG20.bib},
  bibsource = {dblp computer science bibliography, https://dblp.org}
}

@article{residual,
  author    = {Fred Douglis and
               John K. Ousterhout},
  title     = {Transparent Process Migration: Design Alternatives and the Sprite
               Implementation},
  journal   = {Softw. Pract. Exp.},
  volume    = {21},
  number    = {8},
  pages     = {757--785},
  year      = {1991},
  url       = {https://doi.org/10.1002/spe.4380210802},
  doi       = {10.1002/spe.4380210802},
  timestamp = {Thu, 09 Apr 2020 17:13:39 +0200},
  biburl    = {https://dblp.org/rec/journals/spe/DouglisO91.bib},
  bibsource = {dblp computer science bibliography, https://dblp.org}
}

@inproceedings{livemigration,
  author    = {Christopher Clark and
               Keir Fraser and
               Steven Hand and
               Jacob Gorm Hansen and
               Eric Jul and
               Christian Limpach and
               Ian Pratt and
               Andrew Warfield},
  editor    = {Amin Vahdat and
               David Wetherall},
  title     = {Live Migration of Virtual Machines},
  booktitle = {2nd Symposium on Networked Systems Design and Implementation {(NSDI}
               2005), May 2-4, 2005, Boston, Massachusetts, USA, Proceedings},
  publisher = {{USENIX}},
  year      = {2005},
  url       = {http://www.usenix.org/events/nsdi05/tech/clark.html},
  timestamp = {Wed, 04 Jul 2018 13:06:34 +0200},
  biburl    = {https://dblp.org/rec/conf/nsdi/ClarkFHHJLPW05.bib},
  bibsource = {dblp computer science bibliography, https://dblp.org}
}

@inproceedings{mesos,
  author    = {Benjamin Hindman and
               Andy Konwinski and
               Matei Zaharia and
               Ali Ghodsi and
               Anthony D. Joseph and
               Randy H. Katz and
               Scott Shenker and
               Ion Stoica},
  editor    = {David G. Andersen and
               Sylvia Ratnasamy},
  title     = {Mesos: {A} Platform for Fine-Grained Resource Sharing in the Data
               Center},
  booktitle = {Proceedings of the 8th {USENIX} Symposium on Networked Systems Design
               and Implementation, {NSDI} 2011, Boston, MA, USA, March 30 - April
               1, 2011},
  publisher = {{USENIX} Association},
  year      = {2011},
  url       = {https://www.usenix.org/conference/nsdi11/mesos-platform-fine-grained-resource-sharing-data-center},
  timestamp = {Wed, 04 Jul 2018 13:06:34 +0200},
  biburl    = {https://dblp.org/rec/conf/nsdi/HindmanKZGJKSS10.bib},
  bibsource = {dblp computer science bibliography, https://dblp.org}
}

@inproceedings{omega,
  author    = {Malte Schwarzkopf and
               Andy Konwinski and
               Michael Abd{-}El{-}Malek and
               John Wilkes},
  editor    = {Zdenek Hanz{\'{a}}lek and
               Hermann H{\"{a}}rtig and
               Miguel Castro and
               M. Frans Kaashoek},
  title     = {Omega: flexible, scalable schedulers for large compute clusters},
  booktitle = {Eighth Eurosys Conference 2013, EuroSys '13, Prague, Czech Republic,
               April 14-17, 2013},
  pages     = {351--364},
  publisher = {{ACM}},
  year      = {2013},
  url       = {https://doi.org/10.1145/2465351.2465386},
  doi       = {10.1145/2465351.2465386},
  timestamp = {Tue, 06 Nov 2018 16:58:31 +0100},
  biburl    = {https://dblp.org/rec/conf/eurosys/SchwarzkopfKAW13.bib},
  bibsource = {dblp computer science bibliography, https://dblp.org}
}

@inproceedings{sparrow,
  author    = {Kay Ousterhout and
               Patrick Wendell and
               Matei Zaharia and
               Ion Stoica},
  editor    = {Michael Kaminsky and
               Mike Dahlin},
  title     = {Sparrow: distributed, low latency scheduling},
  booktitle = {{ACM} {SIGOPS} 24th Symposium on Operating Systems Principles, {SOSP}
               '13, Farmington, PA, USA, November 3-6, 2013},
  pages     = {69--84},
  publisher = {{ACM}},
  year      = {2013},
  url       = {https://doi.org/10.1145/2517349.2522716},
  doi       = {10.1145/2517349.2522716},
  timestamp = {Tue, 06 Nov 2018 16:59:32 +0100},
  biburl    = {https://dblp.org/rec/conf/sosp/OusterhoutWZS13.bib},
  bibsource = {dblp computer science bibliography, https://dblp.org}
}

@inproceedings{graphene,
  author    = {Robert Grandl and
               Srikanth Kandula and
               Sriram Rao and
               Aditya Akella and
               Janardhan Kulkarni},
  editor    = {Kimberly Keeton and
               Timothy Roscoe},
  title     = {{GRAPHENE:} Packing and Dependency-Aware Scheduling for Data-Parallel
               Clusters},
  booktitle = {12th {USENIX} Symposium on Operating Systems Design and Implementation,
               {OSDI} 2016, Savannah, GA, USA, November 2-4, 2016},
  pages     = {81--97},
  publisher = {{USENIX} Association},
  year      = {2016},
  url       = {https://www.usenix.org/conference/osdi16/technical-sessions/presentation/grandl\_graphene},
  timestamp = {Tue, 29 Jan 2019 17:35:36 +0100},
  biburl    = {https://dblp.org/rec/conf/osdi/GrandlKRAK16.bib},
  bibsource = {dblp computer science bibliography, https://dblp.org}
}

@phdthesis{highperf,
	title={高性能虚拟化及其适用性研究},
	author={董耀祖},
	year={2015},
	school={上海交通大学},
	address={上海},
}

@misc{KVM,
  title = {Kernel Virtual Machine},
  howpublished = {Website},
  year = {2020},
  note = {\url{https://www.linux-kvm.org/page/Main_Page}}
}

@misc{QEMU,
  title = {the FAST! processor emulator},
  howpublished = {Website},
  year = {2020},
  note = {\url{https://www.qemu.org/}}
}

@article{tso,
  author    = {Peter Sewell and
               Susmit Sarkar and
               Scott Owens and
               Francesco Zappa Nardelli and
               Magnus O. Myreen},
  title     = {x86-TSO: a rigorous and usable programmer's model for x86 multiprocessors},
  journal   = {Commun. {ACM}},
  volume    = {53},
  number    = {7},
  pages     = {89--97},
  year      = {2010},
  url       = {https://doi.org/10.1145/1785414.1785443},
  doi       = {10.1145/1785414.1785443},
  timestamp = {Tue, 06 Nov 2018 12:51:37 +0100},
  biburl    = {https://dblp.org/rec/journals/cacm/SewellSONM10.bib},
  bibsource = {dblp computer science bibliography, https://dblp.org}
}

@article{ivy,
  author    = {Kai Li and
               Paul Hudak},
  title     = {Memory Coherence in Shared Virtual Memory Systems},
  journal   = {{ACM} Trans. Comput. Syst.},
  volume    = {7},
  number    = {4},
  pages     = {321--359},
  year      = {1989},
  url       = {https://doi.org/10.1145/75104.75105},
  doi       = {10.1145/75104.75105},
  timestamp = {Wed, 14 Nov 2018 10:49:58 +0100},
  biburl    = {https://dblp.org/rec/journals/tocs/LiH89.bib},
  bibsource = {dblp computer science bibliography, https://dblp.org}
}

@thesis{tcbbd,
  author =       {丁卓成},
  title =        {虚拟化系统中基于RDMA的分布式共享内存研究},
  school =       {上海交通大学},
  year =         2019,
  address =      {上海},
}

@inproceedings{MapReduce,
  author    = {Jeffrey Dean and
               Sanjay Ghemawat},
  editor    = {Eric A. Brewer and
               Peter Chen},
  title     = {MapReduce: Simplified Data Processing on Large Clusters},
  booktitle = {6th Symposium on Operating System Design and Implementation {(OSDI}
               2004), San Francisco, California, USA, December 6-8, 2004},
  pages     = {137--150},
  publisher = {{USENIX} Association},
  year      = {2004},
  url       = {http://www.usenix.org/events/osdi04/tech/dean.html},
  timestamp = {Wed, 04 Jul 2018 13:06:35 +0200},
  biburl    = {https://dblp.org/rec/conf/osdi/DeanG04.bib},
  bibsource = {dblp computer science bibliography, https://dblp.org}
}

@article{sharing,
  author    = {Cristiana Amza and
               Alan L. Cox and
               Sandhya Dwarkadas and
               Peter J. Keleher and
               Honghui Lu and
               Ramakrishnan Rajamony and
               Weimin Yu and
               Willy Zwaenepoel},
  title     = {ThreadMarks: Shared Memory Computing on Networks of Workstations},
  journal   = {{IEEE} Computer},
  volume    = {29},
  number    = {2},
  pages     = {18--28},
  year      = {1996},
  url       = {https://doi.org/10.1109/2.485843},
  doi       = {10.1109/2.485843},
  timestamp = {Wed, 14 Nov 2018 10:13:31 +0100},
  biburl    = {https://dblp.org/rec/journals/computer/AmzaCDKLRYZ96.bib},
  bibsource = {dblp computer science bibliography, https://dblp.org}
}

@book{csapp,
  Address = {北京},
  Author = {{Randal E. Bryant et al}},
  Note = {{ISBN} 978-7-111-54493-7},
  publisher = {机械工业出版社},
  title = {深入理解计算机系统},
  Year = {2016},
}